<?xml version="1.0" encoding="UTF-8"?><collection xmlns="http://www.loc.gov/MARC21/slim"><record><leader>00446nam--2200169-i-4500</leader><controlfield tag="001">000032636</controlfield><controlfield tag="002">20161230</controlfield><controlfield tag="005">20161230201039</controlfield><controlfield tag="008">060222s1000------------r-----000-0-eng-d</controlfield><datafield ind1=" " ind2=" " tag="040"><subfield code="a">IFIN-HH</subfield></datafield><datafield ind1=" " ind2=" " tag="080"><subfield code="a">666.1</subfield></datafield><datafield ind1="1" ind2=" " tag="100"><subfield code="a">Mackenzie, J.D</subfield></datafield><datafield ind1="1" ind2="0" tag="245"><subfield code="a">Modern aspects of the vitreous state</subfield><subfield code="b">Volume 2</subfield><subfield code="c">J.d. mackenzie (ed.)</subfield></datafield><datafield ind1=" " ind2=" " tag="260"><subfield code="a">London</subfield><subfield code="b">Butterworths</subfield><subfield code="c">1962</subfield></datafield><datafield ind1=" " ind2=" " tag="300"><subfield code="a">VII+260P</subfield></datafield><datafield ind1=" " ind2=" " tag="852"><subfield code="a">18018</subfield><subfield code="c">539.2</subfield></datafield><datafield ind1=" " ind2=" " tag="CAT"><subfield code="a">Sys</subfield><subfield code="c">20121004</subfield><subfield code="h">165211</subfield></datafield></record></collection>